<record><leader>00000cas a22000007a 4500</leader><controlfield tag="001">16003305</controlfield><controlfield tag="008">870619d1852185uohuwr ne      0    0eng d</controlfield><datafield ind1=" " ind2=" " tag="010"><subfield code="a">sn 87090506 </subfield></datafield><datafield ind1=" " ind2=" " tag="040"><subfield code="a">PPM</subfield><subfield code="b">eng</subfield><subfield code="c">PPM</subfield><subfield code="d">ONP</subfield><subfield code="d">NVF</subfield><subfield code="d">OCLCQ</subfield></datafield><datafield ind1=" " ind2=" " tag="019"><subfield code="a">70109619</subfield></datafield><datafield ind1=" " ind2=" " tag="042"><subfield code="a">msc</subfield></datafield><datafield ind1="0" ind2=" " tag="130"><subfield code="a">Cincinnati weekly enquirer (Cincinnati, Ohio : 1852)</subfield></datafield><datafield ind1="1" ind2="4" tag="245"><subfield code="a">The Cincinnati weekly enquirer.</subfield></datafield><datafield ind1=" " ind2=" " tag="260"><subfield code="a">Cincinnati [Ohio] :</subfield><subfield code="b">Faran &amp; Robinson,</subfield><subfield code="c">1852-</subfield></datafield><datafield ind1=" " ind2=" " tag="310"><subfield code="a">Weekly</subfield></datafield><datafield ind1="0" ind2=" " tag="362"><subfield code="a">Vol. 12, no. 46 (Sept. 23, 1852)-</subfield></datafield><datafield ind1=" " ind2=" " tag="752"><subfield code="a">United States</subfield><subfield code="b">Ohio</subfield><subfield code="c">Hamilton</subfield><subfield code="d">Cincinnati.</subfield></datafield><datafield ind1="0" ind2=" " tag="775"><subfield code="t">Cincinnati daily enquirer (Cincinnati, Ohio : 1852)</subfield><subfield code="w">(DLC)sn 85042288</subfield></datafield><datafield ind1="0" ind2="0" tag="780"><subfield code="t">Weekly enquirer (Cincinnati, Ohio : 1849)</subfield><subfield code="w">(DLC)sn 87090515</subfield></datafield><datafield ind1="0" ind2="0" tag="785"><subfield code="t">Weekly enquirer (Cincinnati, Ohio : 1858)</subfield><subfield code="w">(DLC)sn 84028726</subfield></datafield></record>